[ {
  "date" : "2020-09-26",
  "symbol" : "AAPL",
  "reportedCurrency" : "USD",
  "fillingDate" : "2020-10-30",
  "acceptedDate" : "2020-10-29 18:06:25",
  "period" : "FY",
  "revenue" : 274515000000,
  "costOfRevenue" : 169559000000,
  "grossProfit" : 104956000000,
  "grossProfitRatio" : 0.38233247727810865,
  "researchAndDevelopmentExpenses" : 18752000000,
  "generalAndAdministrativeExpenses" : 19916000000,
  "sellingAndMarketingExpenses" : 0.0,
  "sellingGeneralAndAdministrativeExpenses" : 19916000000,
  "otherExpenses" : 0.0,
  "operatingExpenses" : 38668000000,
  "costAndExpenses" : 208227000000,
  "interestExpense" : 2873000000,
  "depreciationAndAmortization" : 11056000000,
  "ebitda" : 81020000000,
  "ebitdaratio" : 0.2951386991603373,
  "operatingIncome" : 66288000000,
  "operatingIncomeRatio" : 0.24147314354406862,
  "totalOtherIncomeExpensesNet" : -803000000,
  "incomeBeforeTax" : 67091000000,
  "incomeBeforeTaxRatio" : 0.24439830246070343,
  "incomeTaxExpense" : 9680000000,
  "netIncome" : 57411000000,
  "netIncomeRatio" : 0.20913611278072236,
  "eps" : 3.31,
  "epsdiluted" : 3.28,
  "weightedAverageShsOut" : 17352119000,
  "weightedAverageShsOutDil" : 17528214000,
  "link" : "https://www.sec.gov/Archives/edgar/data/320193/000032019320000096/0000320193-20-000096-index.htm",
  "finalLink" : "https://www.sec.gov/Archives/edgar/data/320193/000032019320000096/aapl-20200926.htm"
}, {
  "date" : "2019-09-28",
  "symbol" : "AAPL",
  "reportedCurrency" : "USD",
  "fillingDate" : "2019-10-31 00:00:00",
  "acceptedDate" : "2019-10-30 18:12:36",
  "period" : "FY",
  "revenue" : 260174000000,
  "costOfRevenue" : 161782000000,
  "grossProfit" : 98392000000,
  "grossProfitRatio" : 0.3781776810903472,
  "researchAndDevelopmentExpenses" : 16217000000,
  "generalAndAdministrativeExpenses" : 18245000000,
  "sellingAndMarketingExpenses" : 0.0,
  "sellingGeneralAndAdministrativeExpenses" : 18245000000,
  "otherExpenses" : 0.0,
  "operatingExpenses" : 34462000000,
  "costAndExpenses" : 196244000000,
  "interestExpense" : 3576000000,
  "depreciationAndAmortization" : 12547000000,
  "ebitda" : 81860000000,
  "ebitdaratio" : 0.3146355900282119,
  "operatingIncome" : 63930000000,
  "operatingIncomeRatio" : 0.24572017188496928,
  "totalOtherIncomeExpensesNet" : -1807000000,
  "incomeBeforeTax" : 65737000000,
  "incomeBeforeTaxRatio" : 0.2526655238417367,
  "incomeTaxExpense" : 10481000000,
  "netIncome" : 55256000000,
  "netIncomeRatio" : 0.21238094505984456,
  "eps" : 2.9925,
  "epsdiluted" : 2.9725,
  "weightedAverageShsOut" : 18471336000,
  "weightedAverageShsOutDil" : 18595652000,
  "link" : "https://www.sec.gov/Archives/edgar/data/320193/000032019319000119/0000320193-19-000119-index.html",
  "finalLink" : "https://www.sec.gov/Archives/edgar/data/320193/000032019319000119/a10-k20199282019.htm"
}, {
  "date" : "2018-09-29",
  "symbol" : "AAPL",
  "reportedCurrency" : "USD",
  "fillingDate" : "2018-11-05 00:00:00",
  "acceptedDate" : "2018-11-05 08:01:40",
  "period" : "FY",
  "revenue" : 265595000000,
  "costOfRevenue" : 163756000000,
  "grossProfit" : 101839000000,
  "grossProfitRatio" : 0.38343718820007905,
  "researchAndDevelopmentExpenses" : 14236000000,
  "generalAndAdministrativeExpenses" : 16705000000,
  "sellingAndMarketingExpenses" : 0.0,
  "sellingGeneralAndAdministrativeExpenses" : 16705000000,
  "otherExpenses" : 0.0,
  "operatingExpenses" : 30941000000,
  "costAndExpenses" : 194697000000,
  "interestExpense" : 3240000000,
  "depreciationAndAmortization" : 10903000000,
  "ebitda" : 87046000000,
  "ebitdaratio" : 0.327739603531693,
  "operatingIncome" : 70898000000,
  "operatingIncomeRatio" : 0.26694026619477024,
  "totalOtherIncomeExpensesNet" : -2005000000,
  "incomeBeforeTax" : 72903000000,
  "incomeBeforeTaxRatio" : 0.27448935409175623,
  "incomeTaxExpense" : 13372000000,
  "netIncome" : 59531000000,
  "netIncomeRatio" : 0.22414202074587247,
  "eps" : 3.0025,
  "epsdiluted" : 2.9775,
  "weightedAverageShsOut" : 19821508000,
  "weightedAverageShsOutDil" : 20000436000,
  "link" : "https://www.sec.gov/Archives/edgar/data/320193/000032019318000145/0000320193-18-000145-index.html",
  "finalLink" : "https://www.sec.gov/Archives/edgar/data/320193/000032019318000145/a10-k20189292018.htm"
}, {
  "date" : "2017-09-30",
  "symbol" : "AAPL",
  "reportedCurrency" : "USD",
  "fillingDate" : "2017-11-03 00:00:00",
  "acceptedDate" : "2017-11-03 08:01:37",
  "period" : "FY",
  "revenue" : 229234000000,
  "costOfRevenue" : 141048000000,
  "grossProfit" : 88186000000,
  "grossProfitRatio" : 0.38469860491899105,
  "researchAndDevelopmentExpenses" : 11581000000,
  "generalAndAdministrativeExpenses" : 15261000000,
  "sellingAndMarketingExpenses" : 0.0,
  "sellingGeneralAndAdministrativeExpenses" : 15261000000,
  "otherExpenses" : 0.0,
  "operatingExpenses" : 26842000000,
  "costAndExpenses" : 167890000000,
  "interestExpense" : 2323000000,
  "depreciationAndAmortization" : 10157000000,
  "ebitda" : 76569000000,
  "ebitdaratio" : 0.33402113124580124,
  "operatingIncome" : 61344000000,
  "operatingIncomeRatio" : 0.2676042820872994,
  "totalOtherIncomeExpensesNet" : -2745000000,
  "incomeBeforeTax" : 64089000000,
  "incomeBeforeTaxRatio" : 0.27957894553164014,
  "incomeTaxExpense" : 15738000000,
  "netIncome" : 48351000000,
  "netIncomeRatio" : 0.21092420845075338,
  "eps" : 2.3175,
  "epsdiluted" : 2.3025,
  "weightedAverageShsOut" : 20868968000,
  "weightedAverageShsOutDil" : 21006768000,
  "link" : "https://www.sec.gov/Archives/edgar/data/320193/000032019317000070/0000320193-17-000070-index.html",
  "finalLink" : "https://www.sec.gov/Archives/edgar/data/320193/000032019317000070/a10-k20179302017.htm"
}, {
  "date" : "2016-09-24",
  "symbol" : "AAPL",
  "reportedCurrency" : "USD",
  "fillingDate" : "2016-10-26 00:00:00",
  "acceptedDate" : "2016-10-26 16:42:16",
  "period" : "FY",
  "revenue" : 215639000000,
  "costOfRevenue" : 131376000000,
  "grossProfit" : 84263000000,
  "grossProfitRatio" : 0.3907595564809705,
  "researchAndDevelopmentExpenses" : 10045000000,
  "generalAndAdministrativeExpenses" : 14194000000,
  "sellingAndMarketingExpenses" : 0.0,
  "sellingGeneralAndAdministrativeExpenses" : 14194000000,
  "otherExpenses" : 0.0,
  "operatingExpenses" : 24239000000,
  "costAndExpenses" : 155615000000,
  "interestExpense" : 1456000000,
  "depreciationAndAmortization" : 10505000000,
  "ebitda" : 73333000000,
  "ebitdaratio" : 0.34007299236223504,
  "operatingIncome" : 60024000000,
  "operatingIncomeRatio" : 0.27835410106706115,
  "totalOtherIncomeExpensesNet" : -1348000000,
  "incomeBeforeTax" : 61372000000,
  "incomeBeforeTaxRatio" : 0.284605289395703,
  "incomeTaxExpense" : 15685000000,
  "netIncome" : 45687000000,
  "netIncomeRatio" : 0.211867983064288,
  "eps" : 2.0875,
  "epsdiluted" : 2.0775,
  "weightedAverageShsOut" : 21883280000,
  "weightedAverageShsOutDil" : 22001124000,
  "link" : "https://www.sec.gov/Archives/edgar/data/320193/000162828016020309/0001628280-16-020309-index.html",
  "finalLink" : "https://www.sec.gov/Archives/edgar/data/320193/000162828016020309/a201610-k9242016.htm"
}, {
  "date" : "2015-09-26",
  "symbol" : "AAPL",
  "reportedCurrency" : "USD",
  "fillingDate" : "2015-10-28 00:00:00",
  "acceptedDate" : "2015-10-28 16:31:09",
  "period" : "FY",
  "revenue" : 233715000000,
  "costOfRevenue" : 140089000000,
  "grossProfit" : 93626000000,
  "grossProfitRatio" : 0.4005990201741437,
  "researchAndDevelopmentExpenses" : 8067000000,
  "generalAndAdministrativeExpenses" : 14329000000,
  "sellingAndMarketingExpenses" : 0.0,
  "sellingGeneralAndAdministrativeExpenses" : 14329000000,
  "otherExpenses" : 0.0,
  "operatingExpenses" : 22396000000,
  "costAndExpenses" : 162485000000,
  "interestExpense" : 733000000,
  "depreciationAndAmortization" : 11257000000,
  "ebitda" : 84505000000,
  "ebitdaratio" : 0.3615728558286802,
  "operatingIncome" : 71230000000,
  "operatingIncomeRatio" : 0.3047729071732666,
  "totalOtherIncomeExpensesNet" : -1285000000,
  "incomeBeforeTax" : 72515000000,
  "incomeBeforeTaxRatio" : 0.31027105662880006,
  "incomeTaxExpense" : 19121000000,
  "netIncome" : 53394000000,
  "netIncomeRatio" : 0.22845773698735639,
  "eps" : 2.32,
  "epsdiluted" : 2.305,
  "weightedAverageShsOut" : 23013684000,
  "weightedAverageShsOutDil" : 23172276000,
  "link" : "https://www.sec.gov/Archives/edgar/data/320193/000119312515356351/0001193125-15-356351-index.html",
  "finalLink" : "https://www.sec.gov/Archives/edgar/data/320193/000119312515356351/d17062d10k.htm"
}, {
  "date" : "2014-09-27",
  "symbol" : "AAPL",
  "reportedCurrency" : "USD",
  "fillingDate" : "2014-10-27 00:00:00",
  "acceptedDate" : "2014-10-27 17:11:55",
  "period" : "FY",
  "revenue" : 182795000000,
  "costOfRevenue" : 112258000000,
  "grossProfit" : 70537000000,
  "grossProfitRatio" : 0.3858803577778386,
  "researchAndDevelopmentExpenses" : 6041000000,
  "generalAndAdministrativeExpenses" : 11993000000,
  "sellingAndMarketingExpenses" : 0.0,
  "sellingGeneralAndAdministrativeExpenses" : 11993000000,
  "otherExpenses" : 0.0,
  "operatingExpenses" : 18034000000,
  "costAndExpenses" : 130292000000,
  "interestExpense" : 384000000,
  "depreciationAndAmortization" : 7946000000,
  "ebitda" : 61813000000,
  "ebitdaratio" : 0.3381547635329194,
  "operatingIncome" : 52503000000,
  "operatingIncomeRatio" : 0.28722339232473537,
  "totalOtherIncomeExpensesNet" : -980000000,
  "incomeBeforeTax" : 53483000000,
  "incomeBeforeTaxRatio" : 0.29258458929401787,
  "incomeTaxExpense" : 13973000000,
  "netIncome" : 39510000000,
  "netIncomeRatio" : 0.21614376760852322,
  "eps" : 1.6225,
  "epsdiluted" : 1.6125,
  "weightedAverageShsOut" : 24342288000,
  "weightedAverageShsOutDil" : 24490652000,
  "link" : "https://www.sec.gov/Archives/edgar/data/320193/000119312514383437/0001193125-14-383437-index.html",
  "finalLink" : "https://www.sec.gov/Archives/edgar/data/320193/000119312514383437/d783162d10k.htm"
}, {
  "date" : "2013-09-28",
  "symbol" : "AAPL",
  "reportedCurrency" : "USD",
  "fillingDate" : "2013-10-30 00:00:00",
  "acceptedDate" : "2013-10-29 20:38:28",
  "period" : "FY",
  "revenue" : 170910000000,
  "costOfRevenue" : 106606000000,
  "grossProfit" : 64304000000,
  "grossProfitRatio" : 0.3762448072084723,
  "researchAndDevelopmentExpenses" : 4475000000,
  "generalAndAdministrativeExpenses" : 10830000000,
  "sellingAndMarketingExpenses" : 0.0,
  "sellingGeneralAndAdministrativeExpenses" : 10830000000,
  "otherExpenses" : 0.0,
  "operatingExpenses" : 15305000000,
  "costAndExpenses" : 121911000000,
  "interestExpense" : 136000000,
  "depreciationAndAmortization" : 6757000000,
  "ebitda" : 57048000000,
  "ebitdaratio" : 0.3337897138845006,
  "operatingIncome" : 48999000000,
  "operatingIncomeRatio" : 0.2866947516236616,
  "totalOtherIncomeExpensesNet" : -1156000000,
  "incomeBeforeTax" : 50155000000,
  "incomeBeforeTaxRatio" : 0.293458545433269,
  "incomeTaxExpense" : 13118000000,
  "netIncome" : 37037000000,
  "netIncomeRatio" : 0.21670469837926393,
  "eps" : 1.429643,
  "epsdiluted" : 1.419643,
  "weightedAverageShsOut" : 25909268000,
  "weightedAverageShsOutDil" : 26086536000,
  "link" : "https://www.sec.gov/Archives/edgar/data/320193/000119312513416534/0001193125-13-416534-index.html",
  "finalLink" : "https://www.sec.gov/Archives/edgar/data/320193/000119312513416534/d590790d10k.htm"
}, {
  "date" : "2012-09-29",
  "symbol" : "AAPL",
  "reportedCurrency" : "USD",
  "fillingDate" : "2012-10-31 00:00:00",
  "acceptedDate" : "2012-10-31 17:07:19",
  "period" : "FY",
  "revenue" : 156508000000,
  "costOfRevenue" : 87846000000,
  "grossProfit" : 68662000000,
  "grossProfitRatio" : 0.4387123980882766,
  "researchAndDevelopmentExpenses" : 3381000000,
  "generalAndAdministrativeExpenses" : 10040000000,
  "sellingAndMarketingExpenses" : 0.0,
  "sellingGeneralAndAdministrativeExpenses" : 10040000000,
  "otherExpenses" : 0.0,
  "operatingExpenses" : 13421000000,
  "costAndExpenses" : 101267000000,
  "interestExpense" : 0.0,
  "depreciationAndAmortization" : 3277000000,
  "ebitda" : 59040000000,
  "ebitdaratio" : 0.3772331126843356,
  "operatingIncome" : 55241000000,
  "operatingIncomeRatio" : 0.35295959311984054,
  "totalOtherIncomeExpensesNet" : -522000000,
  "incomeBeforeTax" : 55763000000,
  "incomeBeforeTaxRatio" : 0.35629488588442765,
  "incomeTaxExpense" : 14030000000,
  "netIncome" : 41733000000,
  "netIncomeRatio" : 0.26665090602397323,
  "eps" : 1.594286,
  "epsdiluted" : 1.576786,
  "weightedAverageShsOut" : 26174904000,
  "weightedAverageShsOutDil" : 26469940000,
  "link" : "https://www.sec.gov/Archives/edgar/data/320193/000119312512444068/0001193125-12-444068-index.html",
  "finalLink" : "https://www.sec.gov/Archives/edgar/data/320193/000119312512444068/d411355d10k.htm"
}, {
  "date" : "2011-09-24",
  "symbol" : "AAPL",
  "reportedCurrency" : "USD",
  "fillingDate" : "2011-10-26 00:00:00",
  "acceptedDate" : "2011-10-26 16:35:25",
  "period" : "FY",
  "revenue" : 108249000000,
  "costOfRevenue" : 64431000000,
  "grossProfit" : 43818000000,
  "grossProfitRatio" : 0.40478895878945764,
  "researchAndDevelopmentExpenses" : 2429000000,
  "generalAndAdministrativeExpenses" : 7599000000,
  "sellingAndMarketingExpenses" : 0.0,
  "sellingGeneralAndAdministrativeExpenses" : 7599000000,
  "otherExpenses" : 0.0,
  "operatingExpenses" : 10028000000,
  "costAndExpenses" : 74459000000,
  "interestExpense" : 0.0,
  "depreciationAndAmortization" : 1814000000,
  "ebitda" : 36019000000,
  "ebitdaratio" : 0.3327421038531534,
  "operatingIncome" : 33790000000,
  "operatingIncomeRatio" : 0.31215068961376086,
  "totalOtherIncomeExpensesNet" : -415000000,
  "incomeBeforeTax" : 34205000000,
  "incomeBeforeTaxRatio" : 0.31598444327430275,
  "incomeTaxExpense" : 8283000000,
  "netIncome" : 25922000000,
  "netIncomeRatio" : 0.2394664153941376,
  "eps" : 1.001786,
  "epsdiluted" : 0.988571,
  "weightedAverageShsOut" : 25879224000,
  "weightedAverageShsOutDil" : 26226060000,
  "link" : "https://www.sec.gov/Archives/edgar/data/320193/000119312511282113/0001193125-11-282113-index.html",
  "finalLink" : "https://www.sec.gov/Archives/edgar/data/320193/000119312511282113/d220209d10k.htm"
}]
