[ {
  "date" : "2021-06-26",
  "symbol" : "AAPL",
  "reportedCurrency" : "USD",
  "fillingDate" : "2021-07-28",
  "acceptedDate" : "2021-07-27 18:03:42",
  "period" : "Q3",
  "revenue" : 81434000000,
  "costOfRevenue" : 46179000000,
  "grossProfit" : 35255000000,
  "grossProfitRatio" : 0.4329272785323084,
  "researchAndDevelopmentExpenses" : 5717000000,
  "generalAndAdministrativeExpenses" : 0.0,
  "sellingAndMarketingExpenses" : 0.0,
  "sellingGeneralAndAdministrativeExpenses" : 5412000000,
  "otherExpenses" : 0.0,
  "operatingExpenses" : 11129000000,
  "costAndExpenses" : 57308000000,
  "interestExpense" : 665000000,
  "depreciationAndAmortization" : 2832000000,
  "ebitda" : 27866000000,
  "ebitdaratio" : 0.34219122233956334,
  "operatingIncome" : 24126000000,
  "operatingIncomeRatio" : 0.2992484711545546,
  "totalOtherIncomeExpensesNet" : -243000000,
  "incomeBeforeTax" : 24369000000,
  "incomeBeforeTaxRatio" : 0.2992484711545546,
  "incomeTaxExpense" : 2625000000,
  "netIncome" : 21744000000,
  "netIncomeRatio" : 0.2670137780288332,
  "eps" : 1.31,
  "epsdiluted" : 1.3,
  "weightedAverageShsOut" : 16629371000,
  "weightedAverageShsOutDil" : 16781735000,
  "link" : "https://www.sec.gov/Archives/edgar/data/320193/000032019321000065/0000320193-21-000065-index.htm",
  "finalLink" : "https://www.sec.gov/Archives/edgar/data/320193/000032019321000065/aapl-20210626.htm"
}, {
  "date" : "2021-03-27",
  "symbol" : "AAPL",
  "reportedCurrency" : "USD",
  "fillingDate" : "2021-04-29",
  "acceptedDate" : "2021-04-28 18:02:54",
  "period" : "Q2",
  "revenue" : 89584000000,
  "costOfRevenue" : 51505000000,
  "grossProfit" : 38079000000,
  "grossProfitRatio" : 0.4250647437042329,
  "researchAndDevelopmentExpenses" : 5262000000,
  "generalAndAdministrativeExpenses" : 0.0,
  "sellingAndMarketingExpenses" : 0.0,
  "sellingGeneralAndAdministrativeExpenses" : 5314000000,
  "otherExpenses" : 0.0,
  "operatingExpenses" : 10576000000,
  "costAndExpenses" : 62081000000,
  "interestExpense" : 670000000,
  "depreciationAndAmortization" : 2797000000,
  "ebitda" : 31478000000,
  "ebitdaratio" : 0.3513797106626183,
  "operatingIncome" : 27503000000,
  "operatingIncomeRatio" : 0.3126786033220218,
  "totalOtherIncomeExpensesNet" : -508000000,
  "incomeBeforeTax" : 28011000000,
  "incomeBeforeTaxRatio" : 0.3126786033220218,
  "incomeTaxExpense" : 4381000000,
  "netIncome" : 23630000000,
  "netIncomeRatio" : 0.2637747812109305,
  "eps" : 1.41,
  "epsdiluted" : 1.4,
  "weightedAverageShsOut" : 16753476000,
  "weightedAverageShsOutDil" : 16929157000,
  "link" : "https://www.sec.gov/Archives/edgar/data/320193/000032019321000056/0000320193-21-000056-index.htm",
  "finalLink" : "https://www.sec.gov/Archives/edgar/data/320193/000032019321000056/aapl-20210327.htm"
}, {
  "date" : "2020-12-26",
  "symbol" : "AAPL",
  "reportedCurrency" : "USD",
  "fillingDate" : "2021-01-28",
  "acceptedDate" : "2021-01-27 18:03:06",
  "period" : "Q1",
  "revenue" : 111439000000,
  "costOfRevenue" : 67111000000,
  "grossProfit" : 44328000000,
  "grossProfitRatio" : 0.39777815665969724,
  "researchAndDevelopmentExpenses" : 5163000000,
  "generalAndAdministrativeExpenses" : 0.0,
  "sellingAndMarketingExpenses" : 0.0,
  "sellingGeneralAndAdministrativeExpenses" : 5631000000,
  "otherExpenses" : 0.0,
  "operatingExpenses" : 10794000000,
  "costAndExpenses" : 77905000000,
  "interestExpense" : 638000000,
  "depreciationAndAmortization" : 2666000000,
  "ebitda" : 36883000000,
  "ebitdaratio" : 0.3309703066251492,
  "operatingIncome" : 33534000000,
  "operatingIncomeRatio" : 0.30091799100853384,
  "totalOtherIncomeExpensesNet" : -45000000,
  "incomeBeforeTax" : 33579000000,
  "incomeBeforeTaxRatio" : 0.30132179937005893,
  "incomeTaxExpense" : 4824000000,
  "netIncome" : 28755000000,
  "netIncomeRatio" : 0.25803354301456405,
  "eps" : 1.7,
  "epsdiluted" : 1.68,
  "weightedAverageShsOut" : 16935119000,
  "weightedAverageShsOutDil" : 17113688000,
  "link" : "https://www.sec.gov/Archives/edgar/data/320193/000032019321000010/0000320193-21-000010-index.htm",
  "finalLink" : "https://www.sec.gov/Archives/edgar/data/320193/000032019321000010/aapl-20201226.htm"
}, {
  "date" : "2020-09-26",
  "symbol" : "AAPL",
  "reportedCurrency" : "USD",
  "fillingDate" : "2020-10-30",
  "acceptedDate" : "2020-10-29 18:06:25",
  "period" : "Q4",
  "revenue" : 64698000000,
  "costOfRevenue" : 40009000000,
  "grossProfit" : 24689000000,
  "grossProfitRatio" : 0.3816037590033695,
  "researchAndDevelopmentExpenses" : 4978000000,
  "generalAndAdministrativeExpenses" : 4936000000,
  "sellingAndMarketingExpenses" : 0.0,
  "sellingGeneralAndAdministrativeExpenses" : 4936000000,
  "otherExpenses" : 0.0,
  "operatingExpenses" : 9914000000,
  "costAndExpenses" : 49923000000,
  "interestExpense" : 634000000,
  "depreciationAndAmortization" : 2702000000,
  "ebitda" : 18237000000,
  "ebitdaratio" : 0.2818788834276175,
  "operatingIncome" : 14775000000,
  "operatingIncomeRatio" : 0.2283687285542057,
  "totalOtherIncomeExpensesNet" : -126000000,
  "incomeBeforeTax" : 14901000000,
  "incomeBeforeTaxRatio" : 0.23031623852360197,
  "incomeTaxExpense" : 2228000000,
  "netIncome" : 12673000000,
  "netIncomeRatio" : 0.19587931620761073,
  "eps" : 0.74,
  "epsdiluted" : 0.73,
  "weightedAverageShsOut" : 17057622000,
  "weightedAverageShsOutDil" : 17256521000,
  "link" : "https://www.sec.gov/Archives/edgar/data/320193/000032019320000096/0000320193-20-000096-index.htm",
  "finalLink" : "https://www.sec.gov/Archives/edgar/data/320193/000032019320000096/aapl-20200926.htm"
}, {
  "date" : "2020-06-27",
  "symbol" : "AAPL",
  "reportedCurrency" : "USD",
  "fillingDate" : "2020-07-31",
  "acceptedDate" : "2020-07-30 19:29:09",
  "period" : "Q3",
  "revenue" : 59685000000,
  "costOfRevenue" : 37005000000,
  "grossProfit" : 22680000000,
  "grossProfitRatio" : 0.3799949736114602,
  "researchAndDevelopmentExpenses" : 4758000000,
  "generalAndAdministrativeExpenses" : 0.0,
  "sellingAndMarketingExpenses" : 0.0,
  "sellingGeneralAndAdministrativeExpenses" : 4831000000,
  "otherExpenses" : 0.0,
  "operatingExpenses" : 9589000000,
  "costAndExpenses" : 46594000000,
  "interestExpense" : 697000000,
  "depreciationAndAmortization" : 2752000000,
  "ebitda" : 16586000000,
  "ebitdaratio" : 0.27789226773896286,
  "operatingIncome" : 13091000000,
  "operatingIncomeRatio" : 0.22010555415933653,
  "totalOtherIncomeExpensesNet" : -46000000,
  "incomeBeforeTax" : 13137000000,
  "incomeBeforeTaxRatio" : 0.22010555415933653,
  "incomeTaxExpense" : 1884000000,
  "netIncome" : 11253000000,
  "netIncomeRatio" : 0.18853983412917819,
  "eps" : 0.6525,
  "epsdiluted" : 0.645,
  "weightedAverageShsOut" : 17250292000,
  "weightedAverageShsOutDil" : 17419152000,
  "link" : "https://www.sec.gov/Archives/edgar/data/320193/000032019320000062/0000320193-20-000062-index.htm",
  "finalLink" : "https://www.sec.gov/Archives/edgar/data/320193/000032019320000062/aapl-20200627.htm"
}, {
  "date" : "2020-03-28",
  "symbol" : "AAPL",
  "reportedCurrency" : "USD",
  "fillingDate" : "2020-05-01 00:00:00",
  "acceptedDate" : "2020-04-30 18:03:10",
  "period" : "Q2",
  "revenue" : 58313000000,
  "costOfRevenue" : 35943000000,
  "grossProfit" : 22370000000,
  "grossProfitRatio" : 0.3836194330595236,
  "researchAndDevelopmentExpenses" : 4565000000,
  "generalAndAdministrativeExpenses" : 4952000000,
  "sellingAndMarketingExpenses" : 0.0,
  "sellingGeneralAndAdministrativeExpenses" : 4952000000,
  "otherExpenses" : 0.0,
  "operatingExpenses" : 9517000000,
  "costAndExpenses" : 45460000000,
  "interestExpense" : 757000000,
  "depreciationAndAmortization" : 2786000000,
  "ebitda" : 16678000000,
  "ebitdaratio" : 0.2860082657383431,
  "operatingIncome" : 12853000000,
  "operatingIncomeRatio" : 0.22041397287054346,
  "totalOtherIncomeExpensesNet" : -282000000,
  "incomeBeforeTax" : 13135000000,
  "incomeBeforeTaxRatio" : 0.2252499442662871,
  "incomeTaxExpense" : 1886000000,
  "netIncome" : 11249000000,
  "netIncomeRatio" : 0.1929072419529093,
  "eps" : 0.645,
  "epsdiluted" : 0.6375,
  "weightedAverageShsOut" : 17440404000,
  "weightedAverageShsOutDil" : 17618764000,
  "link" : "https://www.sec.gov/Archives/edgar/data/320193/000032019320000052/0000320193-20-000052-index.html",
  "finalLink" : "https://www.sec.gov/Archives/edgar/data/320193/000032019320000052/a10-qq220203282020.htm"
}, {
  "date" : "2019-12-28",
  "symbol" : "AAPL",
  "reportedCurrency" : "USD",
  "fillingDate" : "2020-01-29 00:00:00",
  "acceptedDate" : "2020-01-28 18:02:44",
  "period" : "Q1",
  "revenue" : 91819000000,
  "costOfRevenue" : 56602000000,
  "grossProfit" : 35217000000,
  "grossProfitRatio" : 0.38354806739345887,
  "researchAndDevelopmentExpenses" : 4451000000,
  "generalAndAdministrativeExpenses" : 5197000000,
  "sellingAndMarketingExpenses" : 0.0,
  "sellingGeneralAndAdministrativeExpenses" : 5197000000,
  "otherExpenses" : 0.0,
  "operatingExpenses" : 9648000000,
  "costAndExpenses" : 66250000000,
  "interestExpense" : 785000000,
  "depreciationAndAmortization" : 2816000000,
  "ebitda" : 29519000000,
  "ebitdaratio" : 0.3214911946329191,
  "operatingIncome" : 25569000000,
  "operatingIncomeRatio" : 0.2784717759940753,
  "totalOtherIncomeExpensesNet" : -349000000,
  "incomeBeforeTax" : 25918000000,
  "incomeBeforeTaxRatio" : 0.2822727322231782,
  "incomeTaxExpense" : 3682000000,
  "netIncome" : 22236000000,
  "netIncomeRatio" : 0.2421720994565395,
  "eps" : 1.26,
  "epsdiluted" : 1.2475,
  "weightedAverageShsOut" : 17660160000,
  "weightedAverageShsOutDil" : 17818416000,
  "link" : "https://www.sec.gov/Archives/edgar/data/320193/000032019320000010/0000320193-20-000010-index.html",
  "finalLink" : "https://www.sec.gov/Archives/edgar/data/320193/000032019320000010/a10-qq1202012282019.htm"
}, {
  "date" : "2019-09-28",
  "symbol" : "AAPL",
  "reportedCurrency" : "USD",
  "fillingDate" : "2019-10-31 00:00:00",
  "acceptedDate" : "2019-10-30 18:12:36",
  "period" : "Q4",
  "revenue" : 64040000000,
  "costOfRevenue" : 39727000000,
  "grossProfit" : 24313000000,
  "grossProfitRatio" : 0.3796533416614616,
  "researchAndDevelopmentExpenses" : 4110000000,
  "generalAndAdministrativeExpenses" : 4578000000,
  "sellingAndMarketingExpenses" : 0.0,
  "sellingGeneralAndAdministrativeExpenses" : 4578000000,
  "otherExpenses" : 0.0,
  "operatingExpenses" : 8688000000,
  "costAndExpenses" : 48415000000,
  "interestExpense" : 810000000,
  "depreciationAndAmortization" : 3179000000,
  "ebitda" : 20116000000,
  "ebitdaratio" : 0.3141161773891318,
  "operatingIncome" : 15625000000,
  "operatingIncomeRatio" : 0.2439881324172392,
  "totalOtherIncomeExpensesNet" : -502000000,
  "incomeBeforeTax" : 16127000000,
  "incomeBeforeTaxRatio" : 0.2518269831355403,
  "incomeTaxExpense" : 2441000000,
  "netIncome" : 13686000000,
  "netIncomeRatio" : 0.2137101811367895,
  "eps" : 0.7625,
  "epsdiluted" : 0.7575,
  "weightedAverageShsOut" : 17963248000,
  "weightedAverageShsOutDil" : 18081492000,
  "link" : "https://www.sec.gov/Archives/edgar/data/320193/000032019319000119/0000320193-19-000119-index.html",
  "finalLink" : "https://www.sec.gov/Archives/edgar/data/320193/000032019319000119/a10-k20199282019.htm"
}, {
  "date" : "2019-06-29",
  "symbol" : "AAPL",
  "reportedCurrency" : "USD",
  "fillingDate" : "2019-07-31",
  "acceptedDate" : "2019-07-31 16:31:53",
  "period" : "Q3",
  "revenue" : 53809000000,
  "costOfRevenue" : 33582000000,
  "grossProfit" : 20227000000,
  "grossProfitRatio" : 0.37590365923916075,
  "researchAndDevelopmentExpenses" : 4257000000,
  "generalAndAdministrativeExpenses" : 4426000000,
  "sellingAndMarketingExpenses" : 0.0,
  "sellingGeneralAndAdministrativeExpenses" : 4426000000,
  "otherExpenses" : 0.0,
  "operatingExpenses" : 8683000000,
  "costAndExpenses" : 42265000000,
  "interestExpense" : 866000000,
  "depreciationAndAmortization" : 2933000000,
  "ebitda" : 15710000000,
  "ebitdaratio" : 0.291958594287201,
  "operatingIncome" : 11544000000,
  "operatingIncomeRatio" : 0.2145366016837332,
  "totalOtherIncomeExpensesNet" : -367000000,
  "incomeBeforeTax" : 11911000000,
  "incomeBeforeTaxRatio" : 0.22135702205950678,
  "incomeTaxExpense" : 1867000000,
  "netIncome" : 10044000000,
  "netIncomeRatio" : 0.18666022412607555,
  "eps" : 0.55,
  "epsdiluted" : 0.545,
  "weightedAverageShsOut" : 18282532000,
  "weightedAverageShsOutDil" : 18405520000,
  "link" : "https://www.sec.gov/Archives/edgar/data/320193/000032019319000076/a10-qq320196292019.htm",
  "finalLink" : "https://www.sec.gov/Archives/edgar/data/320193/000032019319000076/a10-qq320196292019.htm"
}, {
  "date" : "2019-03-30",
  "symbol" : "AAPL",
  "reportedCurrency" : "USD",
  "fillingDate" : "2019-05-01 00:00:00",
  "acceptedDate" : "2019-05-01 16:32:00",
  "period" : "Q2",
  "revenue" : 58015000000,
  "costOfRevenue" : 36194000000,
  "grossProfit" : 21821000000,
  "grossProfitRatio" : 0.37612686374213566,
  "researchAndDevelopmentExpenses" : 3948000000,
  "generalAndAdministrativeExpenses" : 4458000000,
  "sellingAndMarketingExpenses" : 0.0,
  "sellingGeneralAndAdministrativeExpenses" : 4458000000,
  "otherExpenses" : 0.0,
  "operatingExpenses" : 8406000000,
  "costAndExpenses" : 44600000000,
  "interestExpense" : 1010000000,
  "depreciationAndAmortization" : 3040000000,
  "ebitda" : 17843000000,
  "ebitdaratio" : 0.30755839007153324,
  "operatingIncome" : 13415000000,
  "operatingIncomeRatio" : 0.2312333017323106,
  "totalOtherIncomeExpensesNet" : -378000000,
  "incomeBeforeTax" : 13793000000,
  "incomeBeforeTaxRatio" : 0.23774885805395157,
  "incomeTaxExpense" : 2232000000,
  "netIncome" : 11561000000,
  "netIncomeRatio" : 0.19927604929759546,
  "eps" : 0.6175,
  "epsdiluted" : 0.615,
  "weightedAverageShsOut" : 18696284000,
  "weightedAverageShsOutDil" : 18802584000,
  "link" : "https://www.sec.gov/Archives/edgar/data/320193/000032019319000066/0000320193-19-000066-index.html",
  "finalLink" : "https://www.sec.gov/Archives/edgar/data/320193/000032019319000066/a10-qq220193302019.htm"
} ]
